@Article{Gany_SRS,
author = {Lorenzo Bruzzone,Giovanni Alberti, Claudio Catallo,Adamo Ferro,Wlodek Kofman, and Roberto Orosei},
title = {Subsurface Radar Sounding of the JovianMoon Ganymede},
year = {2011},
OPTvolume = {99},
OPTnumber = {5},
OPTmonth = {May},
OPTnote = {Proceedings of the IEEE},
}


@Article{MARSIS,
author = {R. Jordan, G.Picardi, J.Plaut, K.Wheeler, D.Kirchner, A.Safaeinili, W.Johnson, R.Seu, D. Calabrese, E.Zampolini, A.Cicchetti, R.Huff, D.Gurnett, A.Ivanov, W.Kofman, R.Orosei, T.Thompson, P.Edenhofer, O.Bombaci},
title = {The Marsexpress MARSIS sounder instrument},
year = {2009},
OPTmonth = {September},
OPTnote = {Planetary and Space Science},
}

@Article{SHARAD,
author = {Renato Croci, Roberto Seu, Enrico Flamini, and Enrico Russo},
title = {The SHAllow RADar(SHARAD)Onboard the NASA MRO Mission},
year = {2011},
OPTmonth = {May},
OPTnote = {Proceedings of the IEEE},
}


@Article{penetrartion,
author = {W. Kofman, R. Orosei, and E. Pettinelli},
title = {Radar signal propagation and detection through ice},
year = {2010},
OPTnote = {Space Sci. Rev., vol. 153},
}


@Article{MIMOSA,
author = {Herique, A., Phalippou, L., Kofman, W., Bauer, P.and Remy, F.},
title = {A Spaceborne Ground Penetrating Radar: MIMOSA},
year = {1999},
OPTmonth = {October},
OPTnote = {SAR Workshop:ESA-SP vol. 450},
}


@Manual{JGO_Payload_def,
title = {Model Payload Definition Document for the Jupiter Icy Moons Explorer},
organization = {European Space Agency},
month = {June},
year = {2012},
note = {UI-EST-INST-SP-001},
}